@preamble{ "\newcommand{\noopsort}[1]{} "
	# "\newcommand{\printfirst}[2]{#1} "
	# "\newcommand{\singleletter}[1]{#1} "
	# "\newcommand{\switchargs}[2]{#2#1} " }

@inproceedings{weiner1973linear,
  title={Linear pattern matching algorithms},
  author={Weiner, Peter},
  booktitle={14th Annual Symposium on Switching and Automata Theory (swat 1973)},
  pages={1--11},
  year={1973},
  organization={IEEE}
}

@inproceedings{burrows1994block,
  title={A block-sorting lossless data compression algorithm},
  author={Burrows, Michael and Wheeler, David},
  booktitle={Digital SRC Research Report},
  year={1994},
  organization={Citeseer}
}

@article{baier2018undetected,
  title={{On undetected redundancy in the Burrows-Wheeler transform}},
  author={Baier, Uwe},
  journal={arXiv preprint arXiv:1804.01937},
  year={2018}
}

@inproceedings{alanko2019tunneling,
  title={Tunneling on {W}heeler graphs},
  author={Alanko, Jarno and Gagie, Travis and Navarro, Gonzalo and Benkner, Louisa Seelbach},
  booktitle={2019 Data Compression Conference (DCC)},
  pages={122--131},
  year={2019},
  organization={IEEE}
}

@article{gagie2017wheeler,
  title={{Wheeler graphs: A framework for BWT-based data structures}},
  author={Gagie, Travis and Manzini, Giovanni and Sir{\'e}n, Jouni},
  journal={Theoretical computer science},
  volume={698},
  pages={67--78},
  year={2017},
  publisher={Elsevier}
}

@inproceedings{baier2019bwt,
  title={{BWT Tunnel Planning is hard but manageable}},
  author={Baier, Uwe and Dede, Kadir},
  booktitle={2019 Data Compression Conference (DCC)},
  pages={142--151},
  year={2019},
  organization={IEEE}
}

@inproceedings{cotumaccio2021indexing,
  title={On indexing and compressing finite automata},
  author={Cotumaccio, Nicola and Prezza, Nicola},
  booktitle={Proceedings of the 2021 ACM-SIAM Symposium on Discrete Algorithms (SODA)},
  pages={2585--2599},
  year={2021},
  organization={SIAM}
}

@inproceedings{alanko2020regular,
  title={Regular languages meet prefix sorting},
  author={Alanko, Jarno and D'Agostino, Giovanna and Policriti, Alberto and Prezza, Nicola},
  booktitle={Proceedings of the Fourteenth Annual ACM-SIAM Symposium on Discrete Algorithms},
  pages={911--930},
  year={2020},
  organization={SIAM}
}

@incollection{dilworth2009decomposition,
  title={A decomposition theorem for partially ordered sets},
  author={Dilworth, Robert P},
  booktitle={Classic Papers in Combinatorics},
  pages={139--144},
  year={2009},
  publisher={Springer}
}

@inproceedings{ferragina2005structuring,
  title={Structuring labeled trees for optimal succinctness, and beyond},
  author={Ferragina, Paolo and Luccio, Fabrizio and Manzini, Giovanni and Muthukrishnan, Senthilmurugan},
  booktitle={46th Annual IEEE Symposium on Foundations of Computer Science (FOCS'05)},
  pages={184--193},
  year={2005},
  organization={IEEE}
}

@article{durbin2014efficient,
  title={{Efficient haplotype matching and storage using the positional Burrows--Wheeler transform (PBWT)}},
  author={Durbin, Richard},
  journal={Bioinformatics},
  volume={30},
  number={9},
  pages={1266--1272},
  year={2014},
  publisher={Oxford University Press}
}

@inproceedings{fmindex2000manzini,
    author={Ferragina, P. and Manzini, G.},
    booktitle={Proceedings 41st Annual Symposium on Foundations of Computer Science},
    title={Opportunistic data structures with applications},
    year={2000},
    volume={},
    number={},
    pages={390-398},  doi={10.1109/SFCS.2000.892127}
}

@article{computational2018computational,
  title={Computational pan-genomics: status, promises and challenges},
  author={Computational Pan-Genomics Consortium and others},
  journal={Briefings in bioinformatics},
  volume={19},
  number={1},
  pages={118--135},
  year={2018},
  publisher={Oxford University Press}
}

@article{gagie2021r,
  title={{$r$-indexing Wheeler graphs}},
  author={Gagie, Travis},
  journal={arXiv preprint arXiv:2101.12341},
  year={2021}
}

@article{prezza2021subpath,
  title={Subpath queries on compressed graphs: A survey},
  author={Prezza, Nicola},
  journal={Algorithms},
  volume={14},
  number={1},
  pages={14},
  year={2021},
  publisher={Multidisciplinary Digital Publishing Institute}
}

@inproceedings{mantaci2005extension,
  title={{An extension of the Burrows Wheeler transform and applications to sequence comparison and data compression}},
  author={Mantaci, Sabrina and Restivo, Antonio and Rosone, Giovanna and Sciortino, Marinella},
  booktitle={Annual Symposium on Combinatorial Pattern Matching},
  pages={178--189},
  year={2005},
  organization={Springer}
}

@article{mantaci2007extension,
  title={{An extension of the Burrows--Wheeler transform}},
  author={Mantaci, Sabrina and Restivo, Antonio and Rosone, Giovanna and Sciortino, Marinella},
  journal={Theoretical Computer Science},
  volume={387},
  number={3},
  pages={298--312},
  year={2007},
  publisher={Elsevier}
}

@inproceedings{mantaci2005extensionKwords,
  title={{An extension of the Burrows Wheeler transform to k words}},
  author={Mantaci, Sabrina and Restivo, Antonio and Sciortino, Marinella},
  booktitle={Data Compression Conference},
  pages={469},
  year={2005},
  organization={IEEE}
}

@inproceedings{bowe2012succinct,
  title={Succinct de {B}ruijn graphs},
  author={Bowe, Alexander and Onodera, Taku and Sadakane, Kunihiko and Shibuya, Tetsuo},
  booktitle={International workshop on algorithms in bioinformatics},
  pages={225--235},
  year={2012},
  organization={Springer}
}

@article{boucher2019prefix,
  title={{Prefix-free parsing for building big BWTs}},
  author={Boucher, Christina and Gagie, Travis and Kuhnle, Alan and Langmead, Ben and Manzini, Giovanni and Mun, Taher},
  journal={Algorithms for Molecular Biology},
  volume={14},
  number={1},
  pages={1--15},
  year={2019},
  publisher={BioMed Central}
}

@article{sanaullah2021d,
  title={{d-PBWT: dynamic positional Burrows--Wheeler transform}},
  author={Sanaullah, Ahsan and Zhi, Degui and Zhang, Shaojie},
  journal={Bioinformatics},
  volume={37},
  number={16},
  pages={2390--2397},
  year={2021},
  publisher={Oxford University Press}
}

@article{alanko2020finding,
  title={Finding all maximal perfect haplotype blocks in linear time},
  author={Alanko, Jarno and Bannai, Hideo and Cazaux, Bastien and Peterlongo, Pierre and Stoye, Jens},
  journal={Algorithms for Molecular Biology},
  volume={15},
  number={1},
  pages={1--7},
  year={2020},
  publisher={Springer}
}

@inbook{gagieRindex,
author = {Gagie, Travis and Navarro, Gonzalo and Prezza, Nicola},
year = {2018},
month = {01},
pages = {1459-1477},
title = {{Optimal-Time Text Indexing in BWT-runs Bounded Space}},
isbn = {978-1-61197-503-1},
doi = {10.1137/1.9781611975031.96},
publisher={SIAM}
}

@article{karp1987efficient,
  title={Efficient randomized pattern-matching algorithms},
  author={Karp, Richard M and Rabin, Michael O},
  journal={IBM journal of research and development},
  volume={31},
  number={2},
  pages={249--260},
  year={1987},
  publisher={Ibm}
}

@article{naseri2019efficient,
  title={Efficient haplotype matching between a query and a panel for genealogical search},
  author={Naseri, Ardalan and Holzhauser, Erwin and Zhi, Degui and Zhang, Shaojie},
  journal={Bioinformatics},
  volume={35},
  number={14},
  pages={i233--i241},
  year={2019},
  publisher={Oxford University Press}
}

@article{venter2001sequence,
  title={The sequence of the human genome},
  author={Venter, J Craig and Adams, Mark D and Myers, Eugene W and Li, Peter W and Mural, Richard J and Sutton, Granger G and Smith, Hamilton O and Yandell, Mark and Evans, Cheryl A and Holt, Robert A and others},
  journal={science},
  volume={291},
  number={5507},
  pages={1304--1351},
  year={2001},
  publisher={American Association for the Advancement of Science}
}

@inproceedings{cunha2018identifying,
  title={Identifying maximal perfect haplotype blocks},
  author={Cunha, Lu{\'\i}s and Diekmann, Yoan and Kowada, Luis and Stoye, Jens},
  booktitle={Brazilian Symposium on Bioinformatics},
  pages={26--37},
  year={2018},
  organization={Springer}
}

@inproceedings{naseri2021efficient,
  title={{Efficient Haplotype Block Matching in Bi-Directional PBWT}},
  author={Naseri, Ardalan and Yue, William and Zhang, Shaojie and Zhi, Degui},
  booktitle={21st International Workshop on Algorithms in Bioinformatics (WABI 2021)},
  year={2021},
  organization={Schloss Dagstuhl-Leibniz-Zentrum f{\"u}r Informatik}
}

@inproceedings{munro1996tables,
  title={Tables},
  author={Munro, J Ian},
  booktitle={International Conference on Foundations of Software Technology and Theoretical Computer Science},
  pages={37--42},
  year={1996},
  organization={Springer}
}

@article{naseri2019multi,
  title={{Multi-allelic Positional Burrows-Wheeler transform}},
  author={Naseri, Ardalan and Zhi, Degui and Zhang, Shaojie},
  journal={BMC bioinformatics},
  volume={20},
  number={11},
  pages={1--8},
  year={2019},
  publisher={BioMed Central}
}

@article{novak2017graph,
  title={{A graph extension of the positional Burrows--Wheeler transform and its applications}},
  author={Novak, Adam M and Garrison, Erik and Paten, Benedict},
  journal={Algorithms for Molecular Biology},
  volume={12},
  number={1},
  pages={1--12},
  year={2017},
  publisher={Springer}
}

@article{garrison2018variation,
  title={{Variation graph toolkit improves read mapping by representing genetic variation in the reference}},
  author={Garrison, Erik and Sir{\'e}n, Jouni and Novak, Adam M and Hickey, Glenn and Eizenga, Jordan M and Dawson, Eric T and Jones, William and Garg, Shilpa and Markello, Charles and Lin, Michael F and others},
  journal={Nature biotechnology},
  volume={36},
  number={9},
  pages={875--879},
  year={2018},
  publisher={Nature Publishing Group}
}

@article{alanko2021linear,
  title={{Linear-time Minimization of Wheeler DFAs}},
  author={Alanko, Jarno and Cotumaccio, Nicola and Prezza, Nicola},
  journal={arXiv preprint arXiv:2111.02480},
  year={2021}
}

@incollection{hopcroft1971n,
  title={An $n \log n$ algorithm for minimizing states in a finite automaton},
  author={Hopcroft, John},
  booktitle={Theory of machines and computations},
  pages={189--196},
  year={1971},
  publisher={Elsevier}
}

@article{brown2021rlbwt,
  title={{RLBWT Tricks}},
  author={Brown, Nathaniel K and Gagie, Travis and Rossi, Massimiliano},
  journal={arXiv preprint arXiv:2112.04271},
  year={2021}
}

@article{makinen2010storage,
  title={Storage and retrieval of highly repetitive sequence collections},
  author={M{\"a}kinen, Veli and Navarro, Gonzalo and Sir{\'e}n, Jouni and V{\"a}lim{\"a}ki, Niko},
  journal={Journal of Computational Biology},
  volume={17},
  number={3},
  pages={281--308},
  year={2010},
  publisher={Mary Ann Liebert, Inc. 140 Huguenot Street, 3rd Floor New Rochelle, NY 10801 USA}
}

@article{nishimoto2020optimal,
  title={{Optimal-Time Queries on BWT-runs Compressed Indexes}},
  author={Nishimoto, Takaaki and Tabei, Yasuo},
  journal={arXiv preprint arXiv:2006.05104},
  year={2020}
}

@article{chazelle1986fractional,
  title={{Fractional cascading: I. A data structuring technique}},
  author={Chazelle, Bernard and Guibas, Leonidas J},
  journal={Algorithmica},
  volume={1},
  number={1},
  pages={133--162},
  year={1986},
  publisher={Springer}
}

@article{makinen2019applying,
  title={Applying the positional {Burrows--Wheeler transform to all-pairs Hamming distance}},
  author={M{\"a}kinen, Veli and Norri, Tuukka},
  journal={Information Processing Letters},
  volume={146},
  pages={17--19},
  year={2019},
  publisher={Elsevier}
}

@inproceedings{karkkainen2003simple,
  title={Simple linear work suffix array construction},
  author={K{\"a}rkk{\"a}inen, Juha and Sanders, Peter},
  booktitle={International colloquium on automata, languages, and programming},
  pages={943--955},
  year={2003},
  organization={Springer}
}

@article{manber1993suffix,
  title={Suffix arrays: a new method for on-line string searches},
  author={Manber, Udi and Myers, Gene},
  journal={siam Journal on Computing},
  volume={22},
  number={5},
  pages={935--948},
  year={1993},
  publisher={SIAM}
}

@article{gibney2019hardness,
  title={{On the hardness and inapproximability of recognizing Wheeler graphs}},
  author={Gibney, Daniel and Thankachan, Sharma V},
  journal={arXiv preprint arXiv:1902.01960},
  year={2019}
}

@article{langmead2010aligning,
  title={Aligning short sequencing reads with {B}owtie},
  author={Langmead, Ben},
  journal={Current protocols in bioinformatics},
  volume={32},
  number={1},
  pages={11--7},
  year={2010},
  publisher={Wiley Online Library}
}

@article{langmead2012fast,
  title={Fast gapped-read alignment with {B}owtie 2},
  author={Langmead, Ben and Salzberg, Steven L},
  journal={Nature methods},
  volume={9},
  number={4},
  pages={357--359},
  year={2012},
  publisher={Nature Publishing Group}
}

@article{li2009fast,
  title={{Fast and accurate short read alignment with Burrows--Wheeler transform}},
  author={Li, Heng and Durbin, Richard},
  journal={bioinformatics},
  volume={25},
  number={14},
  pages={1754--1760},
  year={2009},
  publisher={Oxford University Press}
}

@article{li2009soap2,
  title={{SOAP2: an improved ultrafast tool for short read alignment}},
  author={Li, Ruiqiang and Yu, Chang and Li, Yingrui and Lam, Tak-Wah and Yiu, Siu-Ming and Kristiansen, Karsten and Wang, Jun},
  journal={Bioinformatics},
  volume={25},
  number={15},
  pages={1966--1967},
  year={2009},
  publisher={Oxford University Press}
}

@inproceedings{ohlebuschESA,
author="Abouelhoda, Mohamed Ibrahim
and Kurtz, Stefan
and Ohlebusch, Enno",
editor="Guig{\'o}, Roderic
and Gusfield, Dan",
title="The Enhanced Suffix Array and Its Applications to Genome Analysis",
booktitle="Algorithms in Bioinformatics",
year="2002",
publisher="Springer Berlin Heidelberg",
address="Berlin, Heidelberg",
pages="449--463",
isbn="978-3-540-45784-8"
}

@article{abouelhoda2004replacing,
  title={Replacing suffix trees with enhanced suffix arrays},
  author={Abouelhoda, Mohamed Ibrahim and Kurtz, Stefan and Ohlebusch, Enno},
  journal={Journal of discrete algorithms},
  volume={2},
  number={1},
  pages={53--86},
  year={2004},
  publisher={Elsevier}
}

@article{cox2012large,
  title={{Large-scale compression of genomic sequence databases with the Burrows--Wheeler transform}},
  author={Cox, Anthony J and Bauer, Markus J and Jakobi, Tobias and Rosone, Giovanna},
  journal={Bioinformatics},
  volume={28},
  number={11},
  pages={1415--1419},
  year={2012},
  publisher={Oxford University Press}
}

@article{seward1996bzip2,
  title={bzip2 and libbzip2},
  author={Seward, Julian},
  journal={avaliable at http://www. bzip. org},
  year={1996}
}

@article{ryabko1980data,
  title={Data compression by means of a “book stack”},
  author={Ryabko, Boris Yakovlevich},
  journal={Problemy Peredachi Informatsii},
  volume={16},
  number={4},
  pages={16--21},
  year={1980},
  publisher={Russian Academy of Sciences, Branch of Informatics, Computer Equipment and~…}
}

@article{bentley1986locally,
  title={A locally adaptive data compression scheme},
  author={Bentley, Jon Louis and Sleator, Daniel D and Tarjan, Robert E and Wei, Victor K},
  journal={Communications of the ACM},
  volume={29},
  number={4},
  pages={320--330},
  year={1986},
  publisher={ACM New York, NY, USA}
}

@inproceedings{baier2020edge,
  title={Edge minimization in de {B}ruijn graphs},
  author={Baier, Uwe and B{\"u}chler, Thomas and Ohlebusch, Enno and Weber, Pascal},
  booktitle={2020 Data Compression Conference (DCC)},
  pages={223--232},
  year={2020},
  organization={IEEE}
}

@article{fischer2017dismantling,
  title={Dismantling divsufsort},
  author={Fischer, Johannes and Kurpicz, Florian},
  journal={arXiv preprint arXiv:1710.01896},
  year={2017}
}

@inproceedings{abouelhoda2002optimal,
  title={Optimal exact string matching based on suffix arrays},
  author={Abouelhoda, Mohamed Ibrahim and Ohlebusch, Enno and Kurtz, Stefan},
  booktitle={International Symposium on String Processing and Information Retrieval},
  pages={31--43},
  year={2002},
  organization={Springer}
}

@article{crochemore2015computing,
  title={{Computing the Burrows--Wheeler transform in place and in small space}},
  author={Crochemore, Maxime and Grossi, Roberto and K{\"a}rkk{\"a}inen, Juha and Landau, Gad M},
  journal={Journal of Discrete Algorithms},
  volume={32},
  pages={44--52},
  year={2015},
  publisher={Elsevier}
}

@inproceedings{makinen2005succinct,
  title={Succinct suffix arrays based on run-length encoding},
  author={M{\"a}kinen, Veli and Navarro, Gonzalo},
  booktitle={Annual Symposium on Combinatorial Pattern Matching},
  pages={45--56},
  year={2005},
  organization={Springer}
}

@article{kuhnle2020efficient,
  title={Efficient construction of a complete index for pan-genomics read alignment},
  author={Kuhnle, Alan and Mun, Taher and Boucher, Christina and Gagie, Travis and Langmead, Ben and Manzini, Giovanni},
  journal={Journal of Computational Biology},
  volume={27},
  number={4},
  pages={500--513},
  year={2020},
  publisher={Mary Ann Liebert, Inc., publishers 140 Huguenot Street, 3rd Floor New~…}
}

@article{rossi2021moni,
  title={{MONI: A pangenomics index for finding MEMs}},
  author={Rossi, Massimiliano and Oliva, Marco and Langmead, Ben and Gagie, Travis and Boucher, Christina},
  journal={bioRxiv},
  year={2021},
  publisher={Cold Spring Harbor Laboratory}
}

@article{bannai2020refining,
  title={Refining the r-index},
  author={Bannai, Hideo and Gagie, Travis and Tomohiro, I},
  journal={Theoretical Computer Science},
  volume={812},
  pages={96--108},
  year={2020},
  publisher={Elsevier}
}

@inproceedings{boucher2021phoni,
  title={{PHONI: Streamed Matching Statistics with Multi-Genome References}},
  author={Boucher, Christina and Gagie, Travis and Tomohiro, I and K{\"o}ppl, Dominik and Langmead, Ben and Manzini, Giovanni and Navarro, Gonzalo and Pacheco, Alejandro and Rossi, Massimiliano},
  booktitle={2021 Data Compression Conference (DCC)},
  pages={193--202},
  year={2021},
  organization={IEEE}
}

@inproceedings{gagie2021compressing,
  title={Compressing and indexing aligned readsets},
  author={Gagie, Travis and Gourdel, Garance and Manzini, Giovanni},
  booktitle={WABI 2021},
  year={2021}
}

@inproceedings{boucher2021pfp,
  title={{PFP Compressed Suffix Trees}},
  author={Boucher, Christina and Cvacho, Ond{\v{r}}ej and Gagie, Travis and Holub, Jan and Manzini, Giovanni and Navarro, Gonzalo and Rossi, Massimiliano},
  booktitle={2021 Proceedings of the Workshop on Algorithm Engineering and Experiments (ALENEX)},
  pages={60--72},
  year={2021},
  organization={SIAM}
}

@inproceedings{sakamoto2019rpair,
  title={{Rpair: Rescaling RePair with Rsync}},
  author={Sakamoto, Hiroshi and Takabatake, Yoshimasa},
  booktitle={String Processing and Information Retrieval: 26th International Symposium, SPIRE 2019, Segovia, Spain, October 7--9, 2019, Proceedings},
  volume={11811},
  pages={35},
  year={2019},
  organization={Springer}
}

@InProceedings{boucher2021ebwt,
author="Boucher, Christina
and Cenzato, Davide
and Lipt{\'a}k, Zsuzsanna
and Rossi, Massimiliano
and Sciortino, Marinella",
editor="Lecroq, Thierry
and Touzet, H{\'e}l{\`e}ne",
title={{Computing the Original eBWT Faster, Simpler, and with Less Memory}},
booktitle="String Processing and Information Retrieval",
year="2021",
publisher="Springer International Publishing",
address="Cham",
pages="129--142",
}

@inproceedings{boucher2021ebwtRindex,
title = {{r-Indexing the eBWT}},
author = "Marinella Sciortino and Christina Boucher and Zsuzsanna Lipt{\'a}k and Massimiliano Rossi and Davide Cenzato",
year = "2021",
language = "English",
isbn = "978-3-030-86691-4; 978-3-030-86692-1",
series = "LECTURE NOTES IN ARTIFICIAL INTELLIGENCE",
pages = "3--12",
booktitle = "Lecture Notes in Computer Science (including subseries Lecture Notes in Artificial Intelligence and Lecture Notes in Bioinformatics)",
}

@inproceedings{gagie2020practical,
  title={{Practical random access to SLP-compressed texts}},
  author={Gagie, Travis and Tomohiro, I and Manzini, Giovanni and Navarro, Gonzalo and Sakamoto, Hiroshi and Benkner, Louisa Seelbach and Takabatake, Yoshimasa},
  booktitle={International Symposium on String Processing and Information Retrieval},
  pages={221--231},
  year={2020},
  organization={Springer}
}

@article{larsson2000off,
  title={Off-line dictionary-based compression},
  author={Larsson, N Jesper and Moffat, Alistair},
  journal={Proceedings of the IEEE},
  volume={88},
  number={11},
  pages={1722--1732},
  year={2000},
  publisher={IEEE}
}

@article{fischer2009faster,
  title={Faster entropy-bounded compressed suffix trees},
  author={Fischer, Johannes and M{\"a}kinen, Veli and Navarro, Gonzalo},
  journal={Theoretical Computer Science},
  volume={410},
  number={51},
  pages={5354--5364},
  year={2009},
  publisher={Elsevier}
}

@article{gagie2020fully,
  title={{Fully functional suffix trees and optimal text searching in BWT-runs bounded space}},
  author={Gagie, Travis and Navarro, Gonzalo and Prezza, Nicola},
  journal={Journal of the ACM (JACM)},
  volume={67},
  number={1},
  pages={1--54},
  year={2020},
  publisher={ACM New York, NY, USA}
}

@article{delcher2002fast,
  title={Fast algorithms for large-scale genome alignment and comparison},
  author={Delcher, Arthur L and Phillippy, Adam and Carlton, Jane and Salzberg, Steven L},
  journal={Nucleic acids research},
  volume={30},
  number={11},
  pages={2478--2483},
  year={2002},
  publisher={Oxford University Press}
}

@article{delcher1999alignment,
  title={Alignment of whole genomes},
  author={Delcher, Arthur L and Kasif, Simon and Fleischmann, Robert D and Peterson, Jeremy and White, Owen and Salzberg, Steven L},
  journal={Nucleic acids research},
  volume={27},
  number={11},
  pages={2369--2376},
  year={1999},
  publisher={Oxford University Press}
}

@article{marccais2018mummer4,
  title={{MUMmer4: A fast and versatile genome alignment system}},
  author={Mar{\c{c}}ais, Guillaume and Delcher, Arthur L and Phillippy, Adam M and Coston, Rachel and Salzberg, Steven L and Zimin, Aleksey},
  journal={PLoS computational biology},
  volume={14},
  number={1},
  pages={e1005944},
  year={2018},
  publisher={Public Library of Science San Francisco, CA USA}
}

@article{kurtz2004versatile,
  title={Versatile and open software for comparing large genomes},
  author={Kurtz, Stefan and Phillippy, Adam and Delcher, Arthur L and Smoot, Michael and Shumway, Martin and Antonescu, Corina and Salzberg, Steven L},
  journal={Genome biology},
  volume={5},
  number={2},
  pages={1--9},
  year={2004},
  publisher={Springer}
}

@inproceedings{gog2014theory,
  title={From theory to practice: Plug and play with succinct data structures},
  author={Gog, Simon and Beller, Timo and Moffat, Alistair and Petri, Matthias},
  booktitle={International Symposium on Experimental Algorithms},
  pages={326--337},
  year={2014},
  organization={Springer}
}

@article{caceres2021faster,
  title={Faster repetition-aware compressed suffix trees based on block trees},
  author={C{\'a}ceres, Manuel and Navarro, Gonzalo},
  journal={Information and Computation},
  pages={104749},
  year={2021},
  publisher={Elsevier}
}

@article{li2013aligning,
  title={Aligning sequence reads, clone sequences and assembly contigs with {BWA-MEM}},
  author={Li, Heng},
  journal={arXiv preprint arXiv:1303.3997},
  year={2013}
}

@article{bentley2019complexity,
  title={{On the complexity of BWT-runs minimization via alphabet reordering}},
  author={Bentley, Jason and Gibney, Daniel and Thankachan, Sharma V},
  journal={arXiv preprint arXiv:1911.03035},
  year={2019}
}

@article{shannon1948mathematical,
  title={A mathematical theory of communication},
  author={Shannon, Claude Elwood},
  journal={The Bell system technical journal},
  volume={27},
  number={3},
  pages={379--423},
  year={1948},
  publisher={Nokia Bell Labs}
}

@article{siva20081000,
  title={1000 Genomes project},
  author={Siva, Nayanah},
  journal={Nature biotechnology},
  volume={26},
  number={3},
  pages={256--257},
  year={2008},
  publisher={Nature Publishing Group}
}

@article{manzini2001analysis,
  title={{An analysis of the Burrows—Wheeler transform}},
  author={Manzini, Giovanni},
  journal={Journal of the ACM (JACM)},
  volume={48},
  number={3},
  pages={407--430},
  year={2001},
  publisher={ACM New York, NY, USA}
}

@article{sanger1977dna,
  title={{DNA} sequencing with chain-terminating inhibitors},
  author={Sanger, Frederick and Nicklen, Steven and Coulson, Alan R},
  journal={Proceedings of the national academy of sciences},
  volume={74},
  number={12},
  pages={5463--5467},
  year={1977},
  publisher={National Acad Sciences}
}

@article{de2011repetitive,
  title={Repetitive elements may comprise over two-thirds of the human genome},
  author={de Koning, AP Jason and Gu, Wanjun and Castoe, Todd A and Batzer, Mark A and Pollock, David D},
  journal={PLoS genetics},
  volume={7},
  number={12},
  pages={e1002384},
  year={2011},
  publisher={Public Library of Science San Francisco, USA}
}

@misc{NCBI_genbank,
  author        = {{National Center for Biotechnology Information}},
  title         = {{GenBank and WGS Statistics}},
  month         = "Accessed Feb. 6,", 
  year          = "2022 [Online]",
  howpublished = "\url{https://www.ncbi.nlm.nih.gov/genbank/statistics/i}"
}


@misc{NIH_seq_costs,
  author        = {{Wetterstrand KA}},
  title         = {{DNA Sequencing Costs: Data from the NHGRI Genome Sequencing Program (GSP)}},
  month         = "Accessed Feb. 7,", 
  year          = "2022 [Online]",
  howpublished = "\url{https://www.genome.gov/about-genomics/fact-sheets/DNA-Sequencing-Costs-Data}"
}

@article{kreft2013compressing,
  title={On compressing and indexing repetitive sequences},
  author={Kreft, Sebastian and Navarro, Gonzalo},
  journal={Theoretical Computer Science},
  volume={483},
  pages={115--133},
  year={2013},
  publisher={Elsevier}
}

@book{graur1997molecular,
  title={Molecular evolution},
  author={Graur, Dan and Li, Wen-Hsiung},
  year={1997},
  publisher={Sinauer Associates, Sunderland, MA}
}

@article{prezza2019snps,
  title={{SNPs detection by eBWT positional clustering}},
  author={Prezza, Nicola and Pisanti, Nadia and Sciortino, Marinella and Rosone, Giovanna},
  journal={Algorithms for Molecular Biology},
  volume={14},
  number={1},
  pages={1--13},
  year={2019},
  publisher={Springer}
}

@article{marchini2010genotype,
  title={Genotype imputation for genome-wide association studies},
  author={Marchini, Jonathan and Howie, Bryan},
  journal={Nature Reviews Genetics},
  volume={11},
  number={7},
  pages={499--511},
  year={2010},
  publisher={Nature Publishing Group}
}

@article{smith1981identification,
  title={Identification of common molecular subsequences},
  author={Smith, Temple F and Waterman, Michael S and others},
  journal={Journal of molecular biology},
  volume={147},
  number={1},
  pages={195--197},
  year={1981},
  publisher={Elsevier Science}
}

@misc{repetitiveCorpus,
  author        = {{Ferragina, Paolo and Navarro, Gonzalo}},
  title         = {{
Repetitive Corpus}},
  month         = "Accessed Feb. 11,", 
  year          = "2022 [Online]",
  howpublished = "\url{http://pizzachili.dcc.uchile.cl/repcorpus.html}"
}

@article{10002015global,
  title={A global reference for human genetic variation},
  author={1000 Genomes Project Consortium and others},
  journal={Nature},
  volume={526},
  number={7571},
  pages={68},
  year={2015},
  publisher={NIH Public Access}
}

@article{cotumaccio2021regular,
  title={Which Regular Languages can be Efficiently Indexed?},
  author={Cotumaccio, Nicola and D'Agostino, Giovanna and Policriti, Alberto and Prezza, Nicola},
  journal={arXiv preprint arXiv:2102.06798},
  year={2021}
}

@article{janin2014beetl,
  title={{BEETL-fastq: a searchable compressed archive for DNA reads}},
  author={Janin, Lilian and Schulz-Trieglaff, Ole and Cox, Anthony J},
  journal={Bioinformatics},
  volume={30},
  number={19},
  pages={2796--2801},
  year={2014},
  publisher={Oxford University Press}
}

@article{li2012comparison,
  title={Comparison of the two major classes of assembly algorithms: overlap--layout--consensus and de-bruijn-graph},
  author={Li, Zhenyu and Chen, Yanxiang and Mu, Desheng and Yuan, Jianying and Shi, Yujian and Zhang, Hao and Gan, Jun and Li, Nan and Hu, Xuesong and Liu, Binghang and others},
  journal={Briefings in functional genomics},
  volume={11},
  number={1},
  pages={25--37},
  year={2012},
  publisher={Oxford University Press}
}

@article{10002012integrated,
  title={An integrated map of genetic variation from 1,092 human genomes},
  author={1000 Genomes Project Consortium},
  journal={Nature},
  volume={491},
  number={7422},
  pages={56--65},
  year={2012},
  publisher={Springer Science and Business Media LLC}
}

@misc{homolog,
  title={{Varying K-mer Sizes to Compensate for Above Deficiency}},
  author={{1000 Genomes Project Consortium}},
  month         = "Accessed Feb. 20,",
  year          = "2022 [Online]",
  howpublished="\url{https://homolog.us/Tutorials/book4/p3.4.html}",
}

@article{Turnbullk1687,
	author = {Turnbull, Clare and Scott, Richard H and Thomas, Ellen and Jones, Louise and Murugaesu, Nirupa and Pretty, Freya Boardman and Halai, Dina and Baple, Emma and Craig, Clare and Hamblin, Angela and Henderson, Shirley and Patch, Christine and O{\textquoteright}Neill, Amanda and Devereau, Andrew and Smith, Katherine and Martin, Antonio Rueda and Sosinsky, Alona and McDonagh, Ellen M and Sultana, Razvan and Mueller, Michael and Smedley, Damian and Toms, Adam and Dinh, Lisa and Fowler, Tom and Bale, Mark and Hubbard, Tim and Rendon, Augusto and Hill, Sue and Caulfield, Mark J},
	editor = {,},
	title = {{The 100 000 Genomes Project: bringing whole genome sequencing to the NHS}},
	volume = {361},
	elocation-id = {k1687},
	year = {2018},
	doi = {10.1136/bmj.k1687},
	publisher = {BMJ Publishing Group Ltd},
	issn = {0959-8138},
	URL = {https://www.bmj.com/content/361/bmj.k1687},
	eprint = {https://www.bmj.com/content/361/bmj.k1687.full.pdf},
	journal = {BMJ}
}

@misc{grch,
  title={{Varying K-mer Sizes to Compensate for Above Deficiency}},
  author={{National Center for Biotechnology Information}},
  month         = "Accessed Feb. 20,",
  year          = "2022 [Online]",
  howpublished="\url{https://www.ncbi.nlm.nih.gov/assembly/GCF_000001405.39}",
}

@article{holley2020bifrost,
  title={Bifrost: highly parallel construction and indexing of colored and compacted de {B}ruijn graphs},
  author={Holley, Guillaume and Melsted, P{\'a}ll},
  journal={Genome biology},
  volume={21},
  number={1},
  pages={1--20},
  year={2020},
  publisher={BioMed Central}
}

@article{uricaru2015reference,
  title={Reference-free detection of isolated {SNP}s},
  author={Uricaru, Raluca and Rizk, Guillaume and Lacroix, Vincent and Quillery, Elsa and Plantard, Olivier and Chikhi, Rayan and Lemaitre, Claire and Peterlongo, Pierre},
  journal={Nucleic acids research},
  volume={43},
  number={2},
  pages={e11--e11},
  year={2015},
  publisher={Oxford University Press}
}

@article{ziv1977universal,
  title={A universal algorithm for sequential data compression},
  author={Ziv, Jacob and Lempel, Abraham},
  journal={IEEE Transactions on information theory},
  volume={23},
  number={3},
  pages={337--343},
  year={1977},
  publisher={IEEE}
}

@misc{structVars,
  title={{Overview of Structural Variation}},
  author={{National Center for Biotechnology Information}},
  month         = "Accessed Feb. 21,",
  year          = "2022 [Online]",
  howpublished="\url{https://www.ncbi.nlm.nih.gov/dbvar/content/overview/}",
}

@article {Tettelin13950,
	author = {Tettelin, Herv{\'e} and Masignani, Vega and Cieslewicz, Michael J. and Donati, Claudio and Medini, Duccio and Ward, Naomi L. and Angiuoli, Samuel V. and Crabtree, Jonathan and Jones, Amanda L. and Durkin, A. Scott and DeBoy, Robert T. and Davidsen, Tanja M. and Mora, Marirosa and Scarselli, Maria and Margarit y Ros, Immaculada and Peterson, Jeremy D. and Hauser, Christopher R. and Sundaram, Jaideep P. and Nelson, William C. and Madupu, Ramana and Brinkac, Lauren M. and Dodson, Robert J. and Rosovitz, Mary J. and Sullivan, Steven A. and Daugherty, Sean C. and Haft, Daniel H. and Selengut, Jeremy and Gwinn, Michelle L. and Zhou, Liwei and Zafar, Nikhat and Khouri, Hoda and Radune, Diana and Dimitrov, George and Watkins, Kisha and O{\textquoteright}Connor, Kevin J. B. and Smith, Shannon and Utterback, Teresa R. and White, Owen and Rubens, Craig E. and Grandi, Guido and Madoff, Lawrence C. and Kasper, Dennis L. and Telford, John L. and Wessels, Michael R. and Rappuoli, Rino and Fraser, Claire M.},
	title = {{Genome analysis of multiple pathogenic isolates of Streptococcus agalactiae: Implications for the microbial {\textquotedblleft}pan-genome{\textquotedblright}}},
	volume = {102},
	number = {39},
	pages = {13950--13955},
	year = {2005},
	doi = {10.1073/pnas.0506758102},
	publisher = {National Academy of Sciences},
	issn = {0027-8424},
	URL = {https://www.pnas.org/content/102/39/13950},
	eprint = {https://www.pnas.org/content/102/39/13950.full.pdf},
	journal = {Proceedings of the National Academy of Sciences}
}

@article{rautiainen2020graphaligner,
  title={{GraphAligner: rapid and versatile sequence-to-graph alignment}},
  author={Rautiainen, Mikko and Marschall, Tobias},
  journal={Genome biology},
  volume={21},
  number={1},
  pages={1--28},
  year={2020},
  publisher={Springer}
}

@article{dvorkina2020spaligner,
  title={{SPAligner: alignment of long diverged molecular sequences to assembly graphs}},
  author={Dvorkina, Tatiana and Antipov, Dmitry and Korobeynikov, Anton and Nurk, Sergey},
  journal={BMC bioinformatics},
  volume={21},
  number={12},
  pages={1--14},
  year={2020},
  publisher={Springer}
}

@inproceedings{buchler2021coordinate,
  title={{Coordinate Systems for Pangenome Graphs based on the Level Function and Minimum Path Covers.}},
  author={B{\"u}chler, Thomas and R{\"a}ther, Caroline and Weber, Pascal and Ohlebusch, Enno},
  booktitle={BIOINFORMATICS},
  pages={21--29},
  year={2021}
}

@phdthesis{baier2021bwt,
  title={BWT tunneling},
  author={Baier, Uwe},
  year={2021},
  school={Universit{\"a}t Ulm}
}

@article{humangenome2001,
    author={International Human Genome Sequencing Consortium},
    year={2001},
    month={Feb 15},
    title={Initial sequencing and analysis of the human genome},
    journal={Nature},
    volume={409},
    number={6822},
    pages={860-921},
    note={Copyright - Copyright Macmillan Journals Ltd. Feb 15, 2001; Last updated - 2022-02-08; CODEN - NATUAS},
    isbn={00280836},
    language={English},
}

@inproceedings{ahmed2016comparison,
  title={A comparison of seed-and-extend techniques in modern {DNA} read alignment algorithms},
  author={Ahmed, Nauman and Bertels, Koen and Al-Ars, Zaid},
  booktitle={2016 IEEE international conference on bioinformatics and biomedicine (BIBM)},
  pages={1421--1428},
  year={2016},
  organization={IEEE}
}

@article{chan2016snpfilt,
  title={{SnpFilt: a pipeline for reference-free assembly-based identification of SNPs in bacterial genomes}},
  author={Chan, Carmen HS and Octavia, Sophie and Sintchenko, Vitali and Lan, Ruiting},
  journal={Computational Biology and Chemistry},
  volume={65},
  pages={178--184},
  year={2016},
  publisher={Elsevier}
}